@article{DBLP:journals/corr/SimonyanZ14a,
  author    = {Karen Simonyan and
               Andrew Zisserman},
  title     = {Very Deep Convolutional Networks for Large-Scale Image Recognition},
  journal   = {CoRR},
  volume    = {abs/1409.1556},
  year      = {2014},
  url       = {http://arxiv.org/abs/1409.1556},
  timestamp = {Wed, 01 Oct 2014 15:00:05 +0200},
  biburl    = {http://dblp.uni-trier.de/rec/bib/journals/corr/SimonyanZ14a},
  bibsource = {dblp computer science bibliography, http://dblp.org}
}

@article{DBLP:journals/corr/KingmaB14,
  author    = {Diederik P. Kingma and
               Jimmy Ba},
  title     = {Adam: {A} Method for Stochastic Optimization},
  journal   = {CoRR},
  volume    = {abs/1412.6980},
  year      = {2014},
  url       = {http://arxiv.org/abs/1412.6980},
  timestamp = {Thu, 01 Jan 2015 19:51:08 +0100},
  biburl    = {http://dblp.uni-trier.de/rec/bib/journals/corr/KingmaB14},
  bibsource = {dblp computer science bibliography, http://dblp.org}
}

@inproceedings{deepcoder-learning-write-programs,
	author = {Balog, Matej and Gaunt, Alexander L. and Brockschmidt, Marc and Nowozin, Sebastian and Tarlow, Daniel},
	title = {DeepCoder: Learning to Write Programs},
	booktitle = {Proceedings of ICLR'17},
	year = {2017},
	month = {March},
	abstract = {We develop a first line of attack for solving programming competition-style problems from input-output examples using deep learning. The approach is to train a neural network to predict properties of the program that generated the outputs from the inputs. We use the neural network’s predictions to augment search techniques from the programming languages community, including enumerative search and an SMT-based solver. Empirically, we show that our approach leads to an order of magnitude speedup over the strong non-augmented baselines and a Recurrent
	Neural Network approach, and that we are able to solve problems of difficulty comparable to the simplest problems on programming competition websites.},
	publisher = {},
	url = {https://www.microsoft.com/en-us/research/publication/deepcoder-learning-write-programs/},
	address = {},
	pages = {},
	journal = {},
	volume = {},
	chapter = {},
	isbn = {},
}

@inproceedings{krizhevsky2012imagenet,
  title={Imagenet classification with deep convolutional neural networks},
  author={Krizhevsky, Alex and Sutskever, Ilya and Hinton, Geoffrey E},
  booktitle={Advances in neural information processing systems},
  pages={1097--1105},
  year={2012}
}

@article{hecht1988theory,
  title={Theory of the backpropagation neural network.},
  author={Hecht-Nielsen, Robert and others},
  journal={Neural Networks},
  volume={1},
  number={Supplement-1},
  pages={445--448},
  year={1988}
}

@article{Hinton:Boltzman:2007,
	AUTHOR = {Hinton, G. E.},
	TITLE   = {{B}oltzmann machine},
	YEAR    = {2007},
	JOURNAL = {Scholarpedia},
	VOLUME  = {2},
	NUMBER  = {5},
	PAGES   = {1668},
	DOI     = {10.4249/scholarpedia.1668},
	NOTE    = {revision \#91075}
}

@book{demuth2014neural,
  title={Neural network design},
  author={Demuth, Howard B and Beale, Mark H and De Jess, Orlando and Hagan, Martin T},
  year={2014},
  publisher={Martin Hagan}
}

@book{rojas2013neural,
  title={Neural networks: a systematic introduction},
  author={Rojas, Ra{\'u}l},
  year={2013},
  publisher={Springer Science \& Business Media}
}

@book{feller1968introduction,
  title={An introduction to probability theory and its applications: volume I},
  author={Feller, William},
  volume={3},
  year={1968},
  publisher={John Wiley \& Sons New York}
}

@article{bishop2006pattern,
  title={Pattern recognition},
  author={Bishop, Christopher M},
  journal={Machine Learning},
  volume={128},
  pages={1--58},
  year={2006}
}

@book{AI3,
	author={Jeff Heaton},
	title={Artificial Intelligence for Humans},
	subtitle={Volume 3: Deep Learning and Neural Networks},
	year={2015}
}

@book{lampropoulos2015machine,
  title={Machine Learning Paradigms},
  author={Lampropoulos, Aristomenis S and Tsihrintzis, George A},
  year={2015},
  publisher={Springer}
}

@misc{TensorFlow,
	title={TensorFlow},
	url={http://www.tensorflow.org}
}

@article{wp2015tensorflow,
  title={Tensorflow: Large-scale machine learning on heterogeneous distributed systems},
  author={Abadi, Martin and Agarwal, Ashish and Barham, Paul and Brevdo, Eugene and Chen, Zhifeng and Citro, Craig and Corrado, Greg S and Davis, Andy and Dean, Jeffrey and Devin, Matthieu and others},
  journal={Google Research Whitepaper},
  year={2015},
  url={http://research.google.com/pubs/archive/45166.pdf}
}


@article{clarke1964scheduling,
  title={Scheduling of vehicles from a central depot to a number of delivery points},
  author={Clarke, Geoff and Wright, John W},
  journal={Operations research},
  volume={12},
  number={4},
  pages={568--581},
  year={1964},
  publisher={INFORMS}
}

@misc{upsWorldWide,
	title={UPS - Weltweit},
	url={https://www.ups.com/content/at/de/about/facts/worldwide.html}
}

@misc{jp2010opttrans,
  author = {Jakob Puchinger},
  title = {Optimierungsverfahren in der
  Transportlogistik},
  url = {https://www.ads.tuwien.ac.at/teaching/ss10/Transportlogistik/OTL_10.pdf},
  year = {2010}
}

@phdthesis{wurzer2010fallbeispiele,
  title={Fallbeispiele zur Tourenplanung mit Hilfe spezieller Tourenplanungssoftware am Beispiel eines Grazer Kleinunternehmens},
  author={Wurzer, Bernhard},
  year={2010},
  school={uniwien}
}

@article{clarke1964scheduling,
  title={Scheduling of vehicles from a central depot to a number of delivery points},
  author={Clarke, Geoff and Wright, John W},
  journal={Operations research},
  volume={12},
  number={4},
  pages={568--581},
  year={1964},
  publisher={INFORMS}
}

@misc{isl2008ea,
  title={Intelligente Systeme in der Logistik},
  author={Christian Fischer},
  url={http://www.informatik.uni-ulm.de},
  year={2008}
}

@techreport{beyer2001evolution,
  title={Evolution are Algorithmen Begriffe und Definitionen},
  author={Beyer, Hans-Georg and Brucherseifer, Eva and Jakob, Wilfried and Pohlheim, Hartmut and Sendho, Bernhard and To, Thanh Binh}
}

@incollection{abraham2006swarm,
  title={Swarm intelligence: foundations, perspectives and applications},
  author={Abraham, Ajith and Guo, He and Liu, Hongbo},
  booktitle={Swarm Intelligent Systems},
  pages={3--25},
  year={2006},
  publisher={Springer}
}

@inproceedings{mucherino2015ant,
  title={Ant colony optimization with environment changes: an application to GPS surveying},
  author={Mucherino, Antonio and Fidanova, Stefka and Ganzha, Maria},
  booktitle={Computer Science and Information Systems (FedCSIS), 2015 Federated Conference on},
  pages={495--500},
  year={2015},
  organization={IEEE}
}

@inproceedings{neagoe2010ant,
  title={Ant colony optimization for logistic regression and its application to wine quality assessment},
  author={Neagoe, Victor-Emil and Neghina, Catalina-Elena and Neghina, Mihai},
  booktitle={International Conference on Mathematical Models for Engineering Science—Proceedings, MMES},
  volume={10},
  pages={195--200},
  year={2010}
}

@article{laporte1992vehicle,
  title={The vehicle routing problem: An overview of exact and approximate algorithms},
  author={Laporte, Gilbert},
  journal={European journal of operational research},
  volume={59},
  number={3},
  pages={345--358},
  year={1992},
  publisher={Elsevier}
}

@article{kirkpatrick1983optimization,
  title={Optimization by simulated annealing},
  author={Kirkpatrick, Scott and Vecchi, Mario P and others},
  journal={science},
  volume={220},
  number={4598},
  pages={671--680},
  year={1983},
  publisher={Washington}
}

@book{applegate2011traveling,
  title={The traveling salesman problem: a computational study},
  author={Applegate, David L and Bixby, Robert E and Chvatal, Vasek and Cook, William J},
  year={2011},
  publisher={Princeton university press}
}

@article{wiener2003branch,
  title={Branch and Bound Implementations of the Traveling Salesperson Problem - Part 4: Distributed processing solution using RMI.},
  author={Wiener, Richard},
  journal={Journal of Object Technology},
  volume={2},
  number={6},
  pages={51--65},
  year={2003}
}